

@inproceedings{Wang:2013:UERT,
 author = {Wang, Xiaolong Wang and Zhai, Chengxiang and Dan Roth},
 title = {Understanding evolution of research themes: a probabilistic generative model for citations},
 booktitle ={KDD'13},
 year = {2013},
 pages = {1115-1123},
 doi ={10.1145/2487575.2487698},
 publisher = {ACM}
}



@inproceedings{Deng:2011:CTM,
 author = {Deng, Hongbo and Zhao, Bo and Han, Jiawei},
 title = {Collective Topic Modeling for Heterogeneous Networks},
 booktitle = {SIGIR '11},
 year = {2011},
 isbn = {978-1-4503-0757-4},
 location = {Beijing, China},
 pages = {1109--1110},
 numpages = {2},
 url = {http://doi.acm.org/10.1145/2009916.2010073},
 doi = {10.1145/2009916.2010073},
 acmid = {2010073},
 publisher = {ACM},
 address = {New York, NY, USA},
 keywords = {heterogeneous network, topic modeling},
}
