@Misc{goetz12fdefenders,
    author = {Goetz, Brian and Field, Robert},
    title  = {Featherweight Defenders: A formal model for virtual extension methods in Java},
    year   = {2012},
    howpublished = {\url{http://cr.openjdk.java.net/~briangoetz/lambda/featherweight-defenders.pdf}}
}

@Misc{srikanth16private,
    author = {Srikanth, Adayapalam},
    title  = {Compiler support for private interface methods},
    year   = {2016},
    howpublished = {\url{http://mail.openjdk.java.net/pipermail/jdk9-dev/2015-March/001981.html}}
}

@TechReport{scala-overview,
  author =       {Martin Odersky and al.},
  title =        {An Overview of the Scala Programming Language},
  institution =  {EPFL Lausanne, Switzerland},
  year =         {2004},
  number =       {IC/2004/64}
}

@inproceedings{bono14,
 author = {Bono, Viviana and Mensa, Enrico and Naddeo, Marco},
 title = {Trait-oriented Programming in Java 8},
 booktitle= {PPPJ'14},
 year = {2014}
}

@article{Liquori08ftj,
 author = {Liquori, Luigi and Spiwack, Arnaud},
 title = {FeatherTrait: A Modest Extension of Featherweight Java},
 journal = {ACM Trans. Program. Lang. Syst.},
 volume = {30},
 number = {2},
 pages={11},
 year = {2008}
}

@article{Dahl66simula,
 author = {Dahl, Ole-Johan and Nygaard, Kristen},
 title = {SIMULA: An ALGOL-based Simulation Language},
 journal = {Commun. ACM},
 issue_date = {Sept. 1966},
 volume = {9},
 number = {9},
 month = sep,
 year = {1966}
} 

@book{ellis1990annotated,
  title={The annotated C++ reference manual},
  author={Ellis, Margaret A and Stroustrup, Bjarne},
  year={1990},
  publisher={Addison-Wesley}
}

@inproceedings{Ungar87self,
 author = {Ungar, David and Smith, Randall B.},
 title = {Self: The Power of Simplicity},
 booktitle = {Conference Proceedings on Object-oriented Programming Systems, Languages and Applications},
 series = {OOPSLA '87},
 year = {1987}
} 


@inproceedings{malayeri2009cz,
 author = {Malayeri, Donna and Aldrich, Jonathan},
 title = {CZ: Multiple Inheritance Without Diamonds},
 booktitle = {OOPSLA '09},
 year = {2009}
}

@article{bruce1994paradigmatic,
  title={A paradigmatic object-oriented programming language: Design, static typing and semantics},
  author={Bruce, Kim B},
  journal={Journal of Functional Programming},
  volume={4},
  number={02},
  pages={127--206},
  year={1994}
}

@inproceedings{erdweg11sugarj,
 author = {Erdweg, Sebastian and Rendel, Tillmann and K\"{a}stner, Christian and Ostermann, Klaus},
 title = {SugarJ: Library-based Syntactic Language Extensibility},
 booktitle = {OOPSLA'11},
 year = {2011}
}

%fork-join problem
@inproceedings{Sak89dis,
  author    = {Markku Sakkinen},
  title     = {Disciplined Inheritance},
  booktitle = {ECOOP'89},
  year      = {1989}
}
%yo-yo problem
@inproceedings{taenzer1989problems,
  title={Problems in Object-Oriented Software Reuse.},
  author={Taenzer, David H and Ganti, Murthy and Podar, Sunil},
  booktitle={ECOOP'89},
  year={1989}
}

@INPROCEEDINGS{torgersen04theexpression,
    author = {Mads Torgersen},
    title = {The Expression Problem Revisited -- Four new solutions using generics},
    booktitle = {ECOOP'04},
    year = {2004}
}

@article{Igarashi01FJ,
 author = {Igarashi, Atsushi and Pierce, Benjamin C. and Wadler, Philip},
 title = {Featherweight Java: A Minimal Core Calculus for Java and GJ},
 journal = {ACM Trans. Program. Lang. Syst.},
 volume={23},
  number={3},
  pages={396--450},
 year = {2001}
}

@article{saito08lightweight,
author = {SAITO,CHIERI and IGARASHI,ATSUSHI and VIROLI,MIRKO},
title = {Lightweight family polymorphism},
journal = {Journal of Functional Programming},
year = {2008}
}

@inproceedings{kamina07lightweight,
 author = {Kamina, Tetsuo and Tamai, Tetsuo},
 title = {Lightweight Scalable Components},
 booktitle = {GPCE'07},
 year = {2007}
}

@inproceedings{kamina08lightweight,
 author = {Kamina, Tetsuo and Tamai, Tetsuo},
 title = {Lightweight Dependent Classes},
 booktitle = {GPCE'08},
 year = {2008}
}

@inproceedings{ernst06virtual,
 author = {Ernst, Erik and Ostermann, Klaus and Cook, William R.},
 title = {A Virtual Class Calculus},
 booktitle = {POPL'06},
 year = {2006}
}

@Misc{wadler98expression,
    author = {Philip Wadler},
    title  = "The {E}xpression {P}roblem",
    month  = nov,
    year   = 1998,
    howpublished = "Email",
    note = "Discussion on the Java Genericity mailing list"
}

@Misc{goetz13default,
    author = "Brian Goetz",
    title  = "Allow default methods to override Object's methods",
    year   = 2013,
    howpublished = {\url{http://mail.openjdk.java.net/pipermail/lambda-dev/2013-March/008435.html}},
    note = "Discussion on the lambda-dev mailing list"
}

@Misc{lombok,
    author = {Zwitserloot, Reinier and Spilker, Roel},
    title = {Project Lombok},
    howpublished = {\url{http://projectlombok.org}},
    year = {2016}
}

@inproceedings{oliveira12extensibility,
 author = {Oliveira, Bruno C. d. S. and Cook, William R.},
 title = {Extensibility for the Masses: Practical Extensibility with Object Algebras},
 booktitle = {ECOOP'12},
 year = {2012}
}

@inproceedings{oliveira06extensible,
    author = {Oliveira, Bruno C. d. S. and Hinze, Ralf and L\"{o}h, Andres},
    booktitle = {Trends in Functional Programming},
    title = {Extensible and Modular Generics for the Masses},
    year = {2006}
}

@article{carette09finally,
 author = {Carette, Jacques and Kiselyov, Oleg and Shan, Chung-chieh},
 title = {Finally tagless, partially evaluated: Tagless staged interpreters for simpler typed languages},
 journal = {J. Funct. Program.},
 year = {2009}
}

@inproceedings{hofer08polymorphic,
 author = {Hofer, Christian and Ostermann, Klaus and Rendel, Tillmann and Moors, Adriaan},
 title = {Polymorphic embedding of {DSLs}},
 booktitle = {GPCE '08},
 year = {2008}
}

@inproceedings{moors08generics,
 author = {Moors, Adriaan and Piessens, Frank and Odersky, Martin},
 title = {Generics of a higher kind},
 booktitle = {OOPSLA '08},
 year = {2008}
}

@inproceedings{Fomega,
  title={Towards a theory of type structure},
  author={Reynolds, John C},
  booktitle={Programming Symposium},
  year={1974}
}

@article{buchlovsky06type-theoretic,
title = "A Type-theoretic Reconstruction of the Visitor Pattern",
journal = "Electronic Notes in Theoretical Computer Science",
year = "2006",
author = "Peter Buchlovsky and Hayo Thielecke"
}

@phdthesis{oliveira07genericity,
  title = "Genericity, extensibility and type-safety in the Visitor pattern",
  author = "Oliveira, Bruno C. d. S. ",
  school = "Oxford University Computing Laboratory",
  year = "2007"
}

@BOOK{girard,
 Author = "J.-Y. Girard and Y. Lafont and P.  Taylor",
 Title = "Proofs and Types",
 Year = 1989,
 Series = "Cambridge Tracts in Theoretical Computer Science"
}

@inproceedings{oliveira08visitor,
 author = {Oliveira, Bruno C. d. S. and Wang, Meng and Gibbons, Jeremy},
 title = {The visitor pattern as a reusable, generic, type-safe component},
 booktitle = {OOPSLA '08},
 year = {2008}
}

@inproceedings{oliveira09modular,
 author = {Oliveira, Bruno C. d. S.},
 title = {Modular Visitor Components},
 booktitle = {ECOOP'09},
 year = {2009}
}

@inproceedings{peyton-jones06gadts,
 author = {Peyton Jones, Simon and Vytiniotis, Dimitrios and Weirich, Stephanie and Washburn, Geoffrey},
 title = {Simple unification-based type inference for {GADTs}},
 booktitle = {ICFP '06},
 year = {2006}
}

@article{duponcheel95catamorphisms,
  title={Using catamorphisms, subtypes and monad transformers for writing modular functional interpreters},
  author={Duponcheel, Luc},
  journal={Utrecht University},
  year={1995}
}

@article{wouter08datatypes,
  author = "Wouter Swierstra",
  title = "Data types \`a la carte",
  journal = "Journal of Functional Programming",
  year = 2008
}

@article{hinze06generics,
author = {Hinze, Ralf},
title = {Generics for the masses},
journal = {Journal of Functional Programming},
year = {2006}
}

@inproceedings{clifton00multiJava,
 author = {Clifton, Curtis and Leavens, Gary T. and Chambers, Craig and Millstein, Todd},
 title = {{MultiJava}: modular open classes and symmetric multiple dispatch for Java},
 booktitle = {OOPSLA '00},
 year = {2000}
}

@article{chambers95multimethods,
 author = {Chambers, Craig and Leavens, Gary T.},
 title = {Typechecking and modules for multimethods},
 journal = {ACM Trans. Program. Lang. Syst.},
 year = {1995}
}

@inproceedings{McDirmid01jiazzi,
 author = {McDirmid, Sean and Flatt, Matthew and Hsieh, Wilson C.},
 title = {Jiazzi: new-age components for old-fashioned Java},
 booktitle = {OOPSLA '01},
 year = {2001}
}

@inproceedings{nystrom06j,
 author = {Nystrom, Nathaniel and Qi, Xin and Myers, Andrew C.},
 title = {J\&: nested intersection for scalable software composition},
 booktitle = {OOPSLA '06},
 year = {2006}
}

@inproceedings{madsen89virtual,
 author = {Madsen, O. L. and Moller-Pedersen, B.},
 title = {Virtual classes: a powerful mechanism in object-oriented programming},
 booktitle = {OOPSLA '89},
 year = {1989}
}

@INPROCEEDINGS{bruce98astatically,
    author = {Kim B. Bruce and Martin Odersky and Philip Wadler},
    title = {A Statically Safe Alternative to Virtual Types},
    booktitle = {ECOOP'98},
    year = {1998}
}

@inproceedings{garrigue98polymorphic,
author = {Jacques Garrigue},
title = {Programming with polymorphic variants},
booktitle = {ML Workshop},
year = {1998}
}

@INPROCEEDINGS{zenger05independentlyextensible,
    author = {Matthias Zenger and Martin Odersky},
    title = {Independently extensible solutions to the expression problem},
    booktitle = {FOOL'05},
    year = {2005}
}

@inproceedings{visser01visitor,
 author = {Visser, Joost},
 title = {Visitor combination and traversal control},
 booktitle = {OOPSLA '01},
 year = {2001}
}

@inproceedings{gibbons06design,
 author = {Gibbons, Jeremy},
 title = {Design patterns as higher-order datatype-generic programs},
 booktitle = {WGP '06},
 year = {2006}
}

@article{wehr11javaGI,
 author = {Wehr, Stefan and Thiemann, Peter},
 title = {{JavaGI}: The Interaction of Type Classes with Interfaces and Inheritance},
 journal = {ACM Trans. Program. Lang. Syst.},
 year = {2011}
}

@inproceedings{zenger01extensible,
 author = {Zenger, Matthias and Odersky, Martin},
 title = {Extensible algebraic datatypes with defaults},
 booktitle = {ICFP '01},
 year = {2001}
}

@inproceedings{loh06open,
 author = {L\"{o}h, Andres and Hinze, Ralf},
 title = {Open data types and open functions},
 booktitle = {PPDP '06},
 year = {2006}
}

%diamond problem
@inproceedings{bracha90mixin,
 author = {Bracha, Gilad and Cook, William},
 title = {Mixin-based inheritance},
 booktitle =  {OOPSLA/ECOOP '90},
 year = {1990}
}

@INPROCEEDINGS{scharli03traits,
AUTHOR = "Nathanael Scharli and Stéphane Ducasse and Oscar Nierstrasz and Andrew P. Black",
TITLE = "Traits: Composable Units of Behaviour.",
booktitle = "ECOOP'03",
YEAR = {2003}
}

@inproceedings{oliveira10typeclasses,
 author = {Oliveira, Bruno C. d. S. and Moors, Adriaan and Odersky, Martin},
 title = {Type classes as objects and implicits},
 booktitle = {OOPSLA '10},
 year = {2010}
}

@inproceedings{bierman07lost,
 author = {Bierman, Gavin M. and Meijer, Erik and Torgersen, Mads},
 title = {Lost in translation: formalizing proposed extensions to {C\#}},
 booktitle = {OOPSLA '07},
 year = {2007}
}

@inproceedings{ernst01family,
 author = {Ernst, Erik},
 title = {Family Polymorphism},
 booktitle = {ECOOP '01},
 year = {2001}
}

@ARTICLE{saito08essence,
AUTHOR = "Chieri Saito and Atsushi Igarashi",
TITLE = "The Essence of Lightweight Family Polymorphism.",
JOURNAL = "Journal of Object Technology",
YEAR = {2008}
}

@INPROCEEDINGS{hoogendijk97whendo,
    author = {Paul Hoogendijk and Roland Backhouse},
    title = {When Do Datatypes Commute?},
    booktitle = {Category Theory and Computer Science, 7th International Conference, volume 1290 of LNCS},
    year = {1997}
}

@inproceedings{canning89f-bounded,
 author = {Canning, Peter and Cook, William and Hill, Walter and Olthoff, Walter and Mitchell, John C.},
 title = {F-bounded polymorphism for object-oriented programming},
 booktitle = {FPCA '89},
 year = {1989}
}

@inproceedings{torgersen04wildcards,
 author = {Torgersen, Mads and Hansen, Christian Plesner and Ernst, Erik and von der Ah\'{e}, Peter and Bracha, Gilad and Gafter, Neal},
 title = {Adding wildcards to the {Java} programming language},
 booktitle = {SAC '04},
 year = {2004}
}

@book{gof,
  author = {Gamma, E. and Helm, R. and Johnson, R. and Vlissides, J.},
  title = {Design Patterns : Elements of Reusable Object-Oriented Software},
  year = {1994},
  publisher={Pearson Education}
}

@phdthesis{malcolm90thesis,
    author = {G. Malcolm},
    title = {Algebraic Data Types and Program Transformation},
    school = {Rijksuniversiteit Groningen},
    month = {September},
    year = {1990},
}

@Article{guttag78algebraic,
    Key = "Guttag",
    Author = "J. V. Guttag and J. J. Horning",
    Title = "The Algebraic Specification of Abstract Data Types",
    Journal = "Acta Informatica",
        Year = "1978"
}

@article{hinze05church,
 author = {Hinze, Ralf},
 title = {THEORETICAL PEARL: Church numerals, twice!},
 journal = {J. Funct. Program.},
 year = {2005}
}

@INPROCEEDINGS{ghani04build,
    author = {Neil Ghani and Tarmo Uustalu and Varmo Vene},
    title = {Build, augment and destroy. Universally},
    booktitle = {APLAS'04},
    year = {2004}
}

@inproceedings{ibrahim09remote,
 author = {Ibrahim, Ali and Jiao, Yang and Tilevich, Eli and Cook, William R.},
 title = {Remote Batch Invocation for Compositional Object Services},
 booktitle = {ECOOP'09},
 year = {2009}
}

@INPROCEEDINGS{Wiedermann11,
  AUTHOR = {Ben Wiedermann and William R. Cook},
  TITLE = {Remote Batch Invocation for {SQL} Databases},
  BOOKTITLE = {The 13th International Symposium on Database Programming Languages (DBPL)},
  YEAR = 2011
}

@article{guttag1978algebraic,
  title={The algebraic specification of abstract data types},
  author={Guttag, John V. and Horning, James J.},
  journal={Acta informatica},
  year={1978}
}
@INPROCEEDINGS{lopez2005evaluating,
  title={Evaluating support for features in advanced modularization technologies},
  author={Lopez-Herrejon, Roberto E and Batory, Don and Cook, William},
  booktitle = {ECOOP'05},
  year = {2005}
}

@inproceedings{bracha1998making,
 author = {Bracha, Gilad and Odersky, Martin and Stoutamire, David and Wadler, Philip},
 title = {Making the Future Safe for the Past: Adding Genericity to the Java Programming Language},
 booktitle = {OOPSLA '98},
 year = {1998}
}

@article{Saito2013933,
 author = {Saito, Chieri and Igarashi, Atsushi},
 title = {Matching MyType to Subtyping},
 journal = {Sci. Comput. Program.},
 volume = {78},
 number = {7},
 year = {2013},
 pages = {933--952}
}

@article{ancona2002calculus,
  title={A Calculus of Module Systems},
  author={Ancona, Davide and Zucca, Elena},
  journal={Journal of Functional Programming},
  volume={12},
  number={02},
  pages={91--132},
  year={2002}
}

@INPROCEEDINGS{marco09FJigsaw,
  title = {{Featherweight Jigsaw - A minimal core calculus for modular composition of classes}},
  author = {Zucca, Elena and Servetto, Marco and Lagorio, Giovanni},
  booktitle = {ECOOP'09},
  year = {2009}
}

@inproceedings{sheard2002template,
  title={Template meta-programming for Haskell},
  author={Sheard, Tim and Jones, Simon Peyton},
  booktitle={ACM SIGPLAN Haskell Workshop},
  year={2002}
}

@inproceedings{servetto2010metafjig,
  title={MetaFJig: a meta-circular composition language for Java-like classes},
  author={Servetto, Marco and Zucca, Elena},
  booktitle={OOPSLA'10},
  year={2010}
}

@inproceedings{bettini2013pure,
  title={Pure trait-based programming on the Java platform},
  author={Bettini, Lorenzo and Damiani, Ferruccio},
  booktitle={PPPJ'13},
  year={2013}
}
@article{BettiniDSS13,
  author={Bettini, Lorenzo and Damiani, Ferruccio and Schaefer, Ina and Strocco, Fabio},
  title = {TraitRecordJ: {A} programming language with traits and records},
  journal = {Sci. Comput. Program.},
  volume={78},
  number={5},
  pages={521--541},
  year={2013}
}
@inproceedings{reppy2006foundation,
  title={A foundation for trait-based metaprogramming},
  author={Reppy, John and Turon, Aaron},
  booktitle={International workshop on foundations and developments of object-oriented languages},
  year={2006}
}

@Misc{cofoja,
    author = {Nhat Minh Le},
    title = {Contracts for Java: A Practical Framework for Contract Programming},
    howpublished = {\url{https://cofoja.googlecode.com/files/cofoja-20110112.pdf}}
}

@Misc{fowler2005fluentinterface,
  title={FluentInterface},
  author={Fowler, Martin},
  month = dec,
  year={2005},
  howpublished = {\url{http://martinfowler.com/bliki/FluentInterface.html}}
}
@inproceedings{eptrivially,
 author = {Wang, Yanlin and Oliveira, Bruno C. d. S.},
 title = {The Expression Problem, Trivially!},
 booktitle = {Proceedings of the 15th International Conference on Modularity},
 //booktitle = {Modularity '16},
 year = {2016}
}

@article{Rompf2012scalavirtualized,
 author = {Rompf, Tiark and Amin, Nada and Moors, Adriaan and Haller, Philipp and Odersky, Martin},
 title = {Scala-Virtualized: Linguistic Reuse for Deep Embeddings},
 journal = {Higher Order Symbol. Comput.}, 
 volume = {25},
 number = {1},
 year = {2012},
 pages = {165--207}
} 

@misc{bayer2012sqlalchemy,
  title={SQLAlchemy - the database toolkit for python},
  author={Bayer, Michael},
  howpublished = {\url{http://www.sqlalchemy.org}}
}

@misc{neildo2011blog,
author = {Neildo},
title = {Project Lombok: Creating Custom Transformations},
type = {Blog},
number = {January 6},
year = {2011},
howpublished = {\url{http://notatube.blogspot.hk/2010/12/project-lombok-creating-custom.html}}
}
@inproceedings{wurthinger2013one,
  title={One VM to rule them all},
  author={W{\"u}rthinger, Thomas and Wimmer, Christian and W{\"o}{\ss}, Andreas and Stadler, Lukas and Duboscq, Gilles and Humer, Christian and Richards, Gregor and Simon, Doug and Wolczko, Mario},
  booktitle={Proceedings of the 2013 ACM international symposium on New ideas, new paradigms, and reflections on programming \& software},
  year={2013}
}

@inproceedings{Ungar1987self,
 author = {Ungar, David and Smith, Randall B.},
 title = {Self: The Power of Simplicity},
 booktitle = {OOPSLA '87},
 year = {1987}
} 
@Misc{Dart,
    author = {},
    title = {Dart Programming Language},
    howpublished = {\url{https://www.dartlang.org}},
    year = {2016}
}
@MISC{Bracha_thenewspeak,
    author = {Gilad Bracha and Peter Ahe and Vassili Bykov and Yaron Kashai and Eliot Miranda},
    title = {The Newspeak Programming Platform},
    year = {2008}
}
@inproceedings{Cook2009,
 author = {Cook, William R.},
 title = {On Understanding Data Abstraction, Revisited},
 booktitle = {Proceedings of the 24th ACM SIGPLAN Conference on Object Oriented Programming Systems Languages and Applications},
 series = {OOPSLA '09},
 year = {2009}
} 

@TechReport{classless,
  author =       {Yanlin Wang and Haoyuan Zhang and Bruno C. d. S. Oliveira and Marco Servetto},
  title =        {Classless Java - Interface-Based Programming for the Masses},
  institution =  {The University of Hong Kong},
  year =         {2016}
}